<record><leader>00000cas a22000007a 4500</leader><controlfield tag="001">17559267</controlfield><controlfield tag="008">880301d18841885ohuwr ne      0    0eng d</controlfield><datafield ind1=" " ind2=" " tag="010"><subfield code="a">sn 88077268 </subfield></datafield><datafield ind1=" " ind2=" " tag="040"><subfield code="a">ONP</subfield><subfield code="b">eng</subfield><subfield code="c">ONP</subfield><subfield code="d">OCLCQ</subfield></datafield><datafield ind1=" " ind2=" " tag="042"><subfield code="a">msc</subfield></datafield><datafield ind1="0" ind2="0" tag="245"><subfield code="a">Eaton labor journal.</subfield></datafield><datafield ind1=" " ind2=" " tag="260"><subfield code="a">Eaton, O. [Ohio] :</subfield><subfield code="b">Journal Co.,</subfield><subfield code="c">1884-</subfield></datafield><datafield ind1=" " ind2=" " tag="310"><subfield code="a">Weekly</subfield></datafield><datafield ind1="0" ind2=" " tag="362"><subfield code="a">May 21, 1884-</subfield></datafield><datafield ind1="1" ind2=" " tag="362"><subfield code="a">Ceased in 1885?</subfield></datafield><datafield ind1=" " ind2=" " tag="752"><subfield code="a">United States</subfield><subfield code="b">Ohio</subfield><subfield code="c">Preble</subfield><subfield code="d">Eaton.</subfield></datafield></record>